<record><leader>00000cas a22000007a 4500</leader><controlfield tag="001">15012024</controlfield><controlfield tag="008">861224d18851909iauwr ne      0    0eng d</controlfield><datafield ind1=" " ind2=" " tag="010"><subfield code="a">sn 86060903 </subfield></datafield><datafield ind1=" " ind2=" " tag="040"><subfield code="a">INP</subfield><subfield code="b">eng</subfield><subfield code="c">INP</subfield><subfield code="d">OCLCQ</subfield></datafield><datafield ind1=" " ind2=" " tag="042"><subfield code="a">msc</subfield></datafield><datafield ind1="0" ind2="0" tag="245"><subfield code="a">Chariton herald.</subfield></datafield><datafield ind1="1" ind2="7" tag="246"><subfield code="a">Semi-weekly Chariton herald</subfield><subfield code="f">Oct. 9, 1900-Jan. 4, 1901</subfield></datafield><datafield ind1=" " ind2=" " tag="260"><subfield code="a">Chariton, Iowa :</subfield><subfield code="b">J.D. Hull,</subfield><subfield code="c">-1909.</subfield></datafield><datafield ind1=" " ind2=" " tag="300"><subfield code="a">v. :</subfield><subfield code="b">ill. ;</subfield><subfield code="c">50 cm.</subfield></datafield><datafield ind1=" " ind2=" " tag="310"><subfield code="a">Weekly,</subfield><subfield code="b">Jan. 17, 1901-Sept. 30, 1909</subfield></datafield><datafield ind1=" " ind2=" " tag="321"><subfield code="a">Weekly,</subfield><subfield code="b">&lt;Jan. 7, 1886&gt;-Aug. 30, 1900</subfield></datafield><datafield ind1=" " ind2=" " tag="321"><subfield code="a">Semiweekly,</subfield><subfield code="b">Sept. 4, 1900-Jan. 11, 1901</subfield></datafield><datafield ind1="1" ind2=" " tag="362"><subfield code="a">Began Sept. 25?, 1885.</subfield><subfield code="z">Cf. Bibl. of Iowa newspapers.</subfield></datafield><datafield ind1="0" ind2=" " tag="362"><subfield code="a">-v. 25, no. 6 (Sept. 30, 1909).</subfield></datafield><datafield ind1=" " ind2=" " tag="500"><subfield code="a">Publisher varies.</subfield></datafield><datafield ind1=" " ind2=" " tag="588"><subfield code="a">Description based on: Vol. 1, no. 16 (Jan. 7, 1886).</subfield></datafield><datafield ind1=" " ind2=" " tag="752"><subfield code="a">United States</subfield><subfield code="b">Iowa</subfield><subfield code="c">Lucas</subfield><subfield code="d">Chariton.</subfield></datafield><datafield ind1="0" ind2="5" tag="780"><subfield code="t">Lucas ledger (Lucas, Iowa : 1882)</subfield><subfield code="w">(DLC)sn 86060899</subfield></datafield><datafield ind1="0" ind2="7" tag="785"><subfield code="t">Chariton patriot (Chariton, Iowa : 1870)</subfield><subfield code="w">(DLC)sn 84024496</subfield></datafield><datafield ind1="0" ind2="7" tag="785"><subfield code="t">Chariton herald-patriot</subfield><subfield code="w">(DLC)sn 86060906</subfield></datafield></record>